%% This BibTeX bibliography file was created using BibDesk.
%% http://bibdesk.sourceforge.net/


%% Created for Eric Jansen at 2011-02-11 18:24:30 +0100 


%% Saved with string encoding Unicode (UTF-8) 

@techreport{ref:bbbar,
      author       = "Neusiedl, A and Tapproge, S",
      title        = "Measurement of the inclusive $b\overline{b}$ dijetmass cross section in early ATLAS data",
      institution  = "CERN",
      address      = "Geneva",
      number       = "ATL-COM-PHYS-2011-039",
      month        = "January",
      year         = "2011",
}

@techreport{ref:atlasjes,
      title        = "{Jet energy scale and its systematic uncertainty for jets produced in proton-proton collisions at $\sqrt{s}$=7 TeV and measured with the ATLAS detector}",
      institution  = "CERN",
      address      = "Geneva",
      number       = "ATLAS-CONF-2010-056",
      month        = "July",
      year         = "2010",
}

@techreport{atlas:boostedhiggs,
      title        = "{ATLAS Sensitivity to the Standard Model Higgs in the HW and HZ Channels at High Transverse Momenta}",
      institution  = "ATLAS",
      address      = "Geneva",
      number       = "ATL-PHYS-PUB-2009-088",
      month        = "August",
      year         = "2009",
}

@article{ref:boostedhiggsprl,
      author         = "Butterworth, Jonathan M. and Davison, Adam R. and Rubin,
                        Mathieu and Salam, Gavin P.",
      title          = "{Jet substructure as a new Higgs search channel at the
                        LHC}",
      journal        = "Phys.Rev.Lett.",
      volume         = "100",
      pages          = "242001",
      doi            = "10.1103/PhysRevLett.100.242001",
      year           = "2008",
      eprint         = "0802.2470",
      archivePrefix  = "arXiv",
      primaryClass   = "hep-ph",
      SLACcitation   = "%%CITATION = ARXIV:0802.2470;%%",
}

@article{ref:cambridgeaachen,
      author         = "Dokshitzer, Yuri L. and Leder, G.D. and Moretti, S. and
                        Webber, B.R.",
      title          = "{Better jet clustering algorithms}",
      journal        = "JHEP",
      volume         = "9708",
      pages          = "001",
      year           = "1997",
      eprint         = "hep-ph/9707323",
      archivePrefix  = "arXiv",
      primaryClass   = "hep-ph",
      reportNumber   = "CAVENDISH-HEP-97-06",
      SLACcitation   = "%%CITATION = HEP-PH/9707323;%%",
}

@techreport{atlas:jetsubstructure,
	Address = {Geneva},
	Institution = {CERN},
	Month = {May},
	Number = {ATLAS-CONF-2011-073},
	Title = {Measurement of Jet Mass and Substructure for Inclusive Jets in $\sqrt{s}$ = 7 TeV pp Collisions with the ATLAS Experiment},
	Year = {2011}}


@article{Martin:2009iq,
	Archiveprefix = {arXiv},
	Author = {Martin, A. D. and Stirling, W. J. and Thorne, R. S. and Watt, G.},
	Doi = {10.1140/epjc/s10052-009-1072-5},
	Eprint = {0901.0002},
	Journal = {Eur. Phys. J.},
	Pages = {189-285},
	Primaryclass = {hep-ph},
	Slaccitation = {%%CITATION = 0901.0002;%%},
	Title = {{Parton distributions for the LHC}},
	Volume = {C63},
	Year = {2009},
	Bdsk-Url-1 = {http://dx.doi.org/10.1140/epjc/s10052-009-1072-5}}

@article{ref:Sherstnev,
	Archiveprefix = {arXiv},
	Author = {Sherstnev, A. and Thorne, R. S.},
	Doi = {10.3360/dis.2008.149},
	Eprint = {0807.2132},
	Primaryclass = {hep-ph},
	Slaccitation = {%%CITATION = 0807.2132;%%},
	Title = {{Different PDF approximations useful for LO Monte Carlo generators}},
	Year = {2008},
	Bdsk-Url-1 = {http://dx.doi.org/10.3360/dis.2008.149}}


@article{ref:pythia,
	Author = {Sjostrand, Torbjorn and Mrenna, Stephen and Skands, Peter},
	Eprint = {hep-ph/0603175},
	Journal = {JHEP},
	Pages = {026},
	Slaccitation = {%%CITATION = HEP-PH/0603175;%%},
	Title = {PYTHIA 6.4 physics and manual},
	Volume = {05},
	Year = {2006}}

@techreport{ref:btagCalib,
	Address = {Geneva},
	Institution = {CERN},
	Month = {Dec},
	Number = {ATLAS-CONF-2010-099},
	Title = {Calibrating the $b$-Tag and Mistag Efficiencies of the SV0 $b$-Tagging Algorithm in 3~pb$^{-1}$ of Data with the ATLAS Detector},
	Year = {2010}}

@techreport{ref:jetcleaning,
	Address = {Geneva},
	Author = {Baak, M and Petteni, M and Makovec, N},
	Institution = {CERN},
	Month = {May},
	Number = {ATLAS-COM-CONF-2010-038},
	Title = {Data-Quality Requirements and Event Cleaning for Jets and Missing Transverse Energy Reconstruction with the ATLAS Detector in Proton-Proton Collisions at a Center-of-Mass Energy of $sqrt{s}=7$ TeV},
	Year = {2010}}

@article{ref:MCFM,
      author         = "Campbell, John M. and Ellis, R.K.",
      title          = "{MCFM for the Tevatron and the LHC}",
      journal        = "Nucl.Phys.Proc.Suppl.",
      volume         = "205-206",
      pages          = "10-15",
      doi            = "10.1016/j.nuclphysbps.2010.08.011",
      year           = "2010",
      eprint         = "1007.3492",
      archivePrefix  = "arXiv",
      primaryClass   = "hep-ph",
      reportNumber   = "FERMILAB-CONF-10-244-T",
      SLACcitation   = "%%CITATION = ARXIV:1007.3492;%%",
}


@techreport{ref:bMCsyst,
	Address = {Geneva},
	Institution = {CERN},
	Month = {Jan},
	Number = {ATLAS-CONF-2011-XXX},
	Title = {B-tagging in MC - in preparation},
	Year = {2011}}

@techreport{ref:jetsemicorr,
	Address = {Geneva},
	Author = {Lopez Mateos, D and Hughes, E W and Schwartzman, A},
	Institution = {CERN},
	Month = {Jun},
	Number = {ATL-PHYS-INT-2008-047. ATL-COM-PHYS-2008-086},
	Title = {Jet Energy Scale Correction to Semileptonic b-jets from Missing Neutrino Energy},
	Year = {2008}}

@article{ref:antikt,
	Author = {Matteo Cacciari and Gavin P. Salam and Gregory Soyez},
	Journal = {Journal of High Energy Physics},
	Number = {04},
	Pages = {063},
	Title = {The anti-$k_T$ jet clustering algorithm},
	Volume = {2008},
	Year = {2008}}

@article{ref:Martin,
      author         = "Martin, A.D. and Stirling, W.J. and Thorne, R.S. and
                        Watt, G.",
      title          = "{Parton distributions for the LHC}",
      journal        = "Eur.Phys.J.",
      volume         = "C63",
      pages          = "189-285",
      doi            = "10.1140/epjc/s10052-009-1072-5",
      year           = "2009",
      eprint         = "0901.0002",
      archivePrefix  = "arXiv",
      primaryClass   = "hep-ph",
      reportNumber   = "IPPP-08-95, DCPT-08-190, CAVENDISH-HEP-08-16",
      SLACcitation   = "%%CITATION = ARXIV:0901.0002;%%",
}
@misc{publication_policy,
  title =        "ATLAS Publication Policy, available from the ATLAS
   Publication Committee web page:
   http://atlas.web.cern.ch/Atlas/GROUPS/GENERAL/SCINOTES/scinotes.html"
}

@Article{ArkaniHamed:2001nc,
     author    = "Arkani-Hamed, Nima and Cohen, Andrew G. and Georgi, Howard
                  ",
     title     = "Electroweak symmetry breaking from dimensional
                  deconstruction",
     journal   = "Phys. Lett.",
     volume    = "B513",
     year      = "2001",
     pages     = "232-240",
     eprint    = "hep-ph/0105239",
     SLACcitation  = "%%CITATION = HEP-PH/0105239;%%"
}
@Article{Birkedal:2005yg,
     author    = "Birkedal, Andreas and Matchev, Konstantin T. and
                  Perelstein, Maxim",
     title     = "Phenomenology of Higgsless models at the LHC and the ILC",
     year      = "2005",
     eprint    = "hep-ph/0508185",
     SLACcitation  = "%%CITATION = HEP-PH/0508185;%%"
}
@article{Butterworth:2002tt,
  author =       "Butterworth, J. M. and Cox, B. E. and Forshaw, J. R.",
  journal =      "Phys. Rev. D",
  volume =       "65",
  year =         2002,
  eprint =       "hep-ph/0201098"
}
@Article{Butterworth:2002xg,
     author    = "Butterworth, J. M. and Couchman, J. P. and Cox, B. E. and
                  Waugh, B. M.",
     title     = "KtJet: A C++ implementation of the K(T) clustering
                  algorithm",
     journal   = "Comput. Phys. Commun.",
     volume    = "153",
     year      = "2003",
     pages     = "85-96",
     eprint    = "hep-ph/0210022",
     SLACcitation  = "%%CITATION = HEP-PH/0210022;%%"
}
@Article{Casalbuoni:2000gn,
     author    = "Casalbuoni, R. and De Curtis, S. and Redi, M.",
     title     = "Signals of the degenerate BESS model at the LHC",
     journal   = "Eur. Phys. J.",
     volume    = "C18",
     year      = "2000",
     pages     = "65-71",
     eprint    = "hep-ph/0007097",
     SLACcitation  = "%%CITATION = HEP-PH/0007097;%%"
}
@Article{Chanowitz:1986ar,
     author    = "Chanowitz, Michael S.",
     title     = "UNIVERSAL W, Z SCATTERING THEOREMS AND NO LOSE COROLLARY
                  FOR THE SSC",
     note      = "Presented at the 23rd International Conference on High
                  Energy Physics, Berkeley, Calif., Jul 16-23, 1986"
}
@Article{Chanowitz:1999se,
     author    = "Chanowitz, Michael S.",
     title     = "Quantum corrections from nonresonant W W scattering",
     journal   = "Phys. Rept.",
     volume    = "320",
     year      = "1999",
     pages     = "139-146",
     eprint    = "hep-ph/9903522",
     SLACcitation  = "%%CITATION = HEP-PH/9903522;%%"
}
@Article{Cheng:2003ju,
     author    = "Cheng, Hsin-Chia and Low, Ian",
     title     = "TeV symmetry and the little hierarchy problem",
     journal   = "JHEP",
     volume    = "09",
     year      = "2003",
     pages     = "051",
     eprint    = "hep-ph/0308199",
     SLACcitation  = "%%CITATION = HEP-PH/0308199;%%"
}
@Article{Csaki:2002qg,
     author    = "Csaki, Csaba and Hubisz, Jay and Kribs, Graham D. and
                  Meade, Patrick and Terning, John",
     title     = "Big corrections from a little Higgs",
     journal   = "Phys. Rev.",
     volume    = "D67",
     year      = "2003",
     pages     = "115002",
     eprint    = "hep-ph/0211124",
     SLACcitation  = "%%CITATION = HEP-PH/0211124;%%"
}
@Article{Csaki:2003dt,
     author    = "Csaki, Csaba and Grojean, Christophe and Murayama, Hitoshi
                  and Pilo, Luigi and Terning, John",
     title     = "Gauge theories on an interval: Unitarity without a Higgs",
     journal   = "Phys. Rev.",
     volume    = "D69",
     year      = "2004",
     pages     = "055006",
     eprint    = "hep-ph/0305237",
     SLACcitation  = "%%CITATION = HEP-PH/0305237;%%"
}
@Article{Csaki:2003zu,
     author    = "Csaki, Csaba and Grojean, Christophe and Pilo, Luigi and
                  Terning, John",
     title     = "Towards a realistic model of Higgsless electroweak symmetry
                  breaking",
     journal   = "Phys. Rev. Lett.",
     volume    = "92",
     year      = "2004",
     pages     = "101802",
     eprint    = "hep-ph/0308038",
     SLACcitation  = "%%CITATION = HEP-PH/0308038;%%"
}
@Article{Cacciapaglia:2004rb,
     author    = "Cacciapaglia, Giacomo and Csaki, Csaba and Grojean,
                  Christophe and Terning, John",
     title     = "Curing the ills of Higgsless models: The S parameter and
                  unitarity",
     journal   = "Phys. Rev.",
     volume    = "D71",
     year      = "2005",
     pages     = "035015",
     eprint    = "hep-ph/0409126",
     SLACcitation  = "%%CITATION = HEP-PH/0409126;%%"
}
@Article{Csaki:2004sz,
     author    = "Csaki, Csaba",
     title     = "Higgsless electroweak symmetry breaking",
     year      = "2004",
     note      = "Talk presented at SUSY 2004, Tsukuba, Japan, June 17-23 2004, arXiv:hep-ph/0412339",
     eprint    = "hep-ph/0412339",
     SLACcitation  = "%%CITATION = HEP-PH/0412339;%%"
}
@Article{Dawson:1998yi,
     author    = "Dawson, S.",
     title     = "Introduction to electroweak symmetry breaking",
     year      = "1998",
     eprint    = "hep-ph/9901280",
     SLACcitation  = "%%CITATION = HEP-PH/9901280;%%"
}
@Article{Dobado:1996ps,
     author    = "Dobado, A. and Pelaez, J. R.",
     title     = "The inverse amplitude method in Chiral Perturbation
                  Theory",
     journal   = "Phys. Rev.",
     volume    = "D56",
     year      = "1997",
     pages     = "3057-3073",
     eprint    = "hep-ph/9604416",
     SLACcitation  = "%%CITATION = HEP-PH/9604416;%%"
}
@Article{Dobado:1999xb,
     author    = "Dobado, A. and Herrero, M. J. and Pelaez, J. R. and Ruiz
                  Morales, E.",
     title     = "LHC sensitivity to the resonance spectrum of a minimal
                  strongly  interacting electroweak symmetry breaking
                  sector",
     journal   = "Phys. Rev.",
     volume    = "D62",
     year      = "2000",
     pages     = "055011",
     eprint    = "hep-ph/9912224",
     SLACcitation  = "%%CITATION = HEP-PH/9912224;%%"
}
@Article{Gomez_Nicola:2001as,
     author    = "Gomez Nicola, A. and Pelaez, J. R.",
     title     = "Meson meson scattering within one loop chiral perturbation
                  theory and  its unitarization",
     journal   = "Phys. Rev.",
     volume    = "D65",
     year      = "2002",
     pages     = "054009",
     eprint    = "hep-ph/0109056",
     SLACcitation  = "%%CITATION = HEP-PH/0109056;%%"
}
@Article{Hewett:2002px,
     author    = "Hewett, JoAnne L. and Petriello, Frank J. and Rizzo, Thomas
                  G.",
     title     = "Constraining the littlest Higgs. ((U))",
     journal   = "JHEP",
     volume    = "10",
     year      = "2003",
     pages     = "062",
     eprint    = "hep-ph/0211218",
     SLACcitation  = "%%CITATION = HEP-PH/0211218;%%"
}
@Article{Kilian:2003pc,
     author    = "Kilian, W.",
     title     = "Electroweak symmetry breaking: The bottom-up approach",
     journal   = "Springer Tracts Mod. Phys.",
     volume    = "198",
     year      = "2003",
     pages     = "1-113",
     SLACcitation  = "%%CITATION = STPHB,198,1;%%"
}
@Article{Kilian:2003yw,
     author    = "Kilian, Wolfgang",
     title     = "Dynamical electroweak symmetry breaking",
     year      = "2003",
     eprint    = "hep-ph/0303015",
     SLACcitation  = "%%CITATION = HEP-PH/0303015;%%"
}
@Article{Sekhar_Chivukula:2006cg,
     author    = "Sekhar Chivukula, R. and others",
     title     = "A three site higgsless model",
     journal   = "Phys. Rev.",
     volume    = "D74",
     year      = "2006",
     pages     = "075011",
     eprint    = "hep-ph/0607124",
     SLACcitation  = "%%CITATION = HEP-PH/0607124;%%"
}

@Article{Lane:2002sm,
     author    = "Lane, Kenneth and Mrenna, Stephen",
     title     = "The collider phenomenology of technihadrons in the
                  technicolor Straw Man Model",
     journal   = "Phys. Rev.",
     volume    = "D67",
     year      = "2003",
     pages     = "115011",
     eprint    = "hep-ph/0210299",
     SLACcitation  = "%%CITATION = HEP-PH/0210299;%%"
}

@misc{sstef,
  author = "E. Stefanidis",
  title =  "{UCL} {PhD} Thesis",
  year  = 2007
}

@misc{sarah,
  author = "S. Allwood",
  title =  "Manchester {PhD} Thesis",
  year  = "2006"
}

@Article{Oller:1998hw,
     author    = "Oller, J. A. and Oset, E. and Pelaez, J. R.",
     title     = "Meson meson and meson baryon interactions in a chiral non-
                  perturbative  approach",
     journal   = "Phys. Rev.",
     volume    = "D59",
     year      = "1999",
     pages     = "074001",
     eprint    = "hep-ph/9804209",
     SLACcitation  = "%%CITATION = HEP-PH/9804209;%%"
}


@Article{Cahn:1986zv,
     author    = "Cahn, Robert N. and Ellis, Stephen D. and Kleiss, Ronald
                  and Stirling, W. James",
     title     = "Transverse Momentum Signatures for Heavy Higgs Bosons",
     journal   = "Phys. Rev.",
     volume    = "D35",
     year      = "1987",
     pages     = "1626",
     SLACcitation  = "%%CITATION = PHRVA,D35,1626;%%"
}

@Article{Kleiss:1987cj,
     author    = "Kleiss, R. and Stirling, W. James",
     title     = "Tagging the Higgs",
     journal   = "Phys. Lett.",
     volume    = "B200",
     year      = "1988",
     pages     = "193",
     SLACcitation  = "%%CITATION = PHLTA,B200,193;%%"
}
@Article{Barger:1988mr,
     author    = "Barger, Vernon D. and Han, Tao and Phillips, R. J. N.",
     title     = "IMPROVING THE HEAVY HIGGS BOSON TWO CHARGED LEPTON - TWO
                  NEUTRINO SIGNAL",
     journal   = "Phys. Rev.",
     volume    = "D37",
     year      = "1988",
     pages     = "2005-2008",
     SLACcitation  = "%%CITATION = PHRVA,D37,2005;%%"
}

@Article{Barger:1991ar,
     author    = "Barger, Vernon D. and Cheung, King-man and Han, Tao and
                  Zeppenfeld, D.",
     title     = "Single forward jet tagging and central jet vetoing to
                  identify the leptonic W W decay mode of a heavy Higgs
                  boson",
     journal   = "Phys. Rev.",
     volume    = "D44",
     year      = "1991",
     pages     = "2701-2716",
     SLACcitation  = "%%CITATION = PHRVA,D44,2701;%%"
}

@Article{Catani:1993hr,
     author    = "Catani, S. and Dokshitzer, Yuri L. and Seymour, M. H. and
                  Webber, B. R.",
     title     = "Longitudinally invariant K(t) clustering algorithms for
                  hadron hadron collisions",
     journal   = "Nucl. Phys.",
     volume    = "B406",
     year      = "1993",
     pages     = "187-224",
     SLACcitation  = "%%CITATION = NUPHA,B406,187;%%"
}
@Article{Cacciari:2005hq,
     author    = "Cacciari, Matteo and Salam, Gavin P.",
     title     = "Dispelling the N**3 myth for the k(t) jet-finder",
     journal   = "Phys. Lett.",
     volume    = "B641",
     year      = "2006",
     pages     = "57-61",
     eprint    = "hep-ph/0512210",
     SLACcitation  = "%%CITATION = HEP-PH/0512210;%%"
}
@misc{TAGref1,
  author = "",
  title =  "Final Report of the ATLAS AOD/ESD Definition Task Force, ATLAS-SOFT-2004-006 ",
  year  = "2004"
}
@misc{TAGref2,
  author = "",
  title =  "Report of the Event Tag Review and Recommendation Group, ATL-SOFT-PUB-2006-002 ",
  year  = "2006"
}
@misc{TAGdb,
  author = "",
  title =  "ATLAS Streams Test Relational Database:\\
http://test-service-tags.web.cern.ch/test-service-tags/prod/tag\_browser.php",
  year  = "2007"
}

@misc{atlastdr,
  author = "ATLAS",
  title  = "Technical Design report, {CERN/LHCC/94-13}",
  year   = "1994"
}
@misc{cmstdr,
  author = "CMS",
  title  = "Technical Design Report, {CERN/LHCC/94-33}",
  year   = 1994
}
@Article{Iordanidis:1997vs,
     author    = "Iordanidis, K. and Zeppenfeld, D.",
     title     = "Searching for a heavy Higgs boson via the H --> l nu j j
                  decay mode at  the CERN LHC",
     journal   = "Phys. Rev.",
     volume    = "D57",
     year      = "1998",
     pages     = "3072-3083",
     eprint    = "hep-ph/9709506",
     SLACcitation  = "%%CITATION = HEP-PH/9709506;%%"
}
@Article{Rainwater:1999sd,
     author    = "Rainwater, David L. and Zeppenfeld, D.",
     title     = "Observing $H \to W^{(*)}W^{(*)} \to e^\pm \mu^\mp
                  /\!\!\!{p}_T$ in weak boson fusion with dual forward jet
                  tagging at the CERN LHC",
     journal   = "Phys. Rev.",
     volume    = "D60",
     year      = "1999",
     pages     = "113004",
     eprint    = "hep-ph/9906218",
     SLACcitation  = "%%CITATION = HEP-PH/9906218;%%"
}
@Article{Barger:1991ib,
     author    = "Barger, Vernon D. and Cheung, King-Man and Han, Tao and
                  Ohnemus, J. and Zeppenfeld, D.",
     title     = "A Comparative study of the benefits of forward jet tagging
                  in heavy Higgs production at the SSC",
     journal   = "Phys. Rev.",
     volume    = "D44",
     year      = "1991",
     pages     = "1426-1437",
     SLACcitation  = "%%CITATION = PHRVA,D44,1426;%%"
}

@Article{Kilian:2007gr,
     author    = "Kilian, Wolfgang and Ohl, Thorsten and Reuter, Jurgen",
     title     = "WHIZARD: Simulating Multi-Particle Processes at LHC and
                  ILC",
     year      = "2007",
     eprint    = "arXiv:0708.4233 [hep-ph]",
     SLACcitation  = "%%CITATION = ARXIV:0708.4233;%%"
}
@techreport{Mertens:1027365,
      author       = "Mertens, M and Grosse-Knetter, J and Schumacher, M and
                      Kobel, M",
      title        = "Monte Carlo study on anomalous quartic couplings in the
                      scattering of weak gauge bosons with the ATLAS detector",
      institution  = "CERN",
      address      = "Geneva",
      number       = "ATL-PHYS-INT-2007-009. ATL-COM-PHYS-2007-021",
      month        = "Apr",
      year         = "2007",
}
@Article{pythia,
     author    = "Sjostrand, Torbjorn and Mrenna, Stephen and Skands, Peter",
     title     = "PYTHIA 6.4 physics and manual",
     journal   = "JHEP",
     volume    = "05",
     year      = "2006",
     pages     = "026",
     eprint    = "hep-ph/0603175",
     SLACcitation  = "%%CITATION = HEP-PH/0603175;%%"
}
@Article{jimmy,
     author    = "Butterworth, J. M. and Forshaw, Jeffrey R. and Seymour, M.
                  H.",
     title     = "Multiparton interactions in photoproduction at HERA",
     journal   = "Z. Phys.",
     volume    = "C72",
     year      = "1996",
     pages     = "637-646",
     eprint    = "hep-ph/9601371",
     SLACcitation  = "%%CITATION = HEP-PH/9601371;%%"
}
@Article{hlhc,
     author    = "Alekhin, S. and others",
     title     = "HERA and the LHC - A workshop on the implications of HERA
                  for LHC  physics: Proceedings Part A",
     year      = "2005",
     eprint    = "hep-ph/0601012",
     SLACcitation  = "%%CITATION = HEP-PH/0601012;%%"
}
@Article{herwig1,
     author    = "Corcella, G. and others",
     title     = "HERWIG 6.5 release note",
     year      = "2002",
     eprint    = "hep-ph/0210213",
     SLACcitation  = "%%CITATION = HEP-PH/0210213;%%"
}
@Article{herwig2,
     author    = "Corcella, G. and others",
     title     = "HERWIG 6: An event generator for hadron emission reactions
                  with  interfering gluons (including supersymmetric
                  processes)",
     journal   = "JHEP",
     volume    = "01",
     year      = "2001",
     pages     = "010",
     eprint    = "hep-ph/0011363",
     SLACcitation  = "%%CITATION = HEP-PH/0011363;%%"
}
@Article{mcatnlo1,
     author    = "Frixione, Stefano and Webber, Bryan R.",
     title     = "Matching NLO QCD computations and parton shower
                  simulations",
     journal   = "JHEP",
     volume    = "06",
     year      = "2002",
     pages     = "029",
     eprint    = "hep-ph/0204244",
     SLACcitation  = "%%CITATION = HEP-PH/0204244;%%"
}
@Article{mcatnlo2,
     author    = "Frixione, Stefano and Nason, Paolo and Webber, Bryan R.",
     title     = "Matching NLO QCD and parton showers in heavy flavour
                  production",
     journal   = "JHEP",
     volume    = "08",
     year      = "2003",
     pages     = "007",
     eprint    = "hep-ph/0305252",
     SLACcitation  = "%%CITATION = HEP-PH/0305252;%%"
}

@Article{Mangano:2002ea,
     author    = "Mangano, Michelangelo L. and Moretti, Mauro and Piccinini,
                  Fulvio and Pittau, Roberto and Polosa, Antonio D.",
     title     = "ALPGEN, a generator for hard multiparton processes in
                  hadronic  collisions",
     journal   = "JHEP",
     volume    = "07",
     year      = "2003",
     pages     = "001",
     eprint    = "hep-ph/0206293",
     SLACcitation  = "%%CITATION = HEP-PH/0206293;%%"
}

@Article{Mangano:2001xp,
     author    = "Mangano, Michelangelo L. and Moretti, Mauro and Pittau,
                  Roberto",
     title     = "Multijet matrix elements and shower evolution in hadronic
                  collisions:  W b anti-b + (n)jets as a case study",
     journal   = "Nucl. Phys.",
     volume    = "B632",
     year      = "2002",
     pages     = "343-362",
     eprint    = "hep-ph/0108069",
     SLACcitation  = "%%CITATION = HEP-PH/0108069;%%"
}
@Article{Caravaglios:1998yr,
     author    = "Caravaglios, F. and Mangano, Michelangelo L. and Moretti,
                  M. and Pittau, R.",
     title     = "A new approach to multi-jet calculations in hadron
                  collisions",
     journal   = "Nucl. Phys.",
     volume    = "B539",
     year      = "1999",
     pages     = "215-232",
     eprint    = "hep-ph/9807570",
     SLACcitation  = "%%CITATION = HEP-PH/9807570;%%"
}


@Article{Maltoni:2002qb,
     author    = "Maltoni, Fabio and Stelzer, Tim",
     title     = "MadEvent: Automatic event generation with MadGraph",
     journal   = "JHEP",
     volume    = "02",
     year      = "2003",
     pages     = "027",
     eprint    = "hep-ph/0208156",
     SLACcitation  = "%%CITATION = HEP-PH/0208156;%%"
}
@Article{Golonka:2003xt,
     author    = "Golonka, P. and others",
     title     = "The tauola-photos-F environment for the TAUOLA and PHOTOS
                  packages,  release II",
     journal   = "Comput. Phys. Commun.",
     volume    = "174",
     year      = "2006",
     pages     = "818-835",
     eprint    = "hep-ph/0312240",
     SLACcitation  = "%%CITATION = HEP-PH/0312240;%%"
}

@misc{atlasphystdr,
  author = "ATLAS",
  title  = "Detector Physics Performance Technical Design report, {CERN/LHCC/99-14/15}",
  year   = "1999"
}

@Article{cmsphystdr,
     author    = "Ball, Austin and others",
 collaboration = "CMS",
     title     = "CMS technical design report, volume II: Physics
                  performance",
     journal   = "J. Phys.",
     volume    = "G34",
     year      = "2007",
     pages     = "995-1579",
     SLACcitation  = "%%CITATION = JPHGB,G34,995;%%"
}

@Article{Baur:2007ck,
     author    = "Baur, U. and Orr, L. H.",
     title     = "High p_T Top Quarks at the Large Hadron Collider",
     year      = "2007",
     eprint    = "arXiv:0707.2066 [hep-ph]",
     SLACcitation  = "%%CITATION = ARXIV:0707.2066;%%"
}

@Article{Holdom:2007ap,
     author    = "Holdom, B.",
     title     = "The heavy quark search at the LHC",
     year      = "2007",
     eprint    = "arXiv:0705.1736 [hep-ph]",
     SLACcitation  = "%%CITATION = ARXIV:0705.1736;%%"
}

@Article{Fleming:2007qr,
     author    = "Fleming, Sean and Hoang, Andre H. and Mantry, Sonny and
                  Stewart, Iain W.",
     title     = "Jets from Massive Unstable Particles: Top-Mass
                  Determination",
     year      = "2007",
     eprint    = "hep-ph/0703207",
     SLACcitation  = "%%CITATION = HEP-PH/0703207;%%"
}

@Article{Holdom:2007nw,
     author    = "Holdom, B.",
     title     = "t' at the LHC: The physics of discovery",
     journal   = "JHEP",
     volume    = "03",
     year      = "2007",
     pages     = "063",
     eprint    = "hep-ph/0702037",
     SLACcitation  = "%%CITATION = HEP-PH/0702037;%%"
}

@Article{Butterworth:2007ke,
     author    = "Butterworth, J. M. and Ellis, John R. and Raklev, A. R.",
     title     = "Reconstructing sparticle mass spectra using hadronic
                  decays",
     journal   = "JHEP",
     volume    = "05",
     year      = "2007",
     pages     = "033",
     eprint    = "hep-ph/0702150",
     SLACcitation  = "%%CITATION = HEP-PH/0702150;%%"
}

@Article{Skiba:2007fw,
     author    = "Skiba, Witold and Tucker-Smith, David",
     title     = "Using jet mass to discover vector quarks at the LHC",
     journal   = "Phys. Rev.",
     volume    = "D75",
     year      = "2007",
     pages     = "115010",
     eprint    = "hep-ph/0701247",
     SLACcitation  = "%%CITATION = HEP-PH/0701247;%%"
}

@Article{Lillie:2007yh,
     author    = "Lillie, Ben and Randall, Lisa and Wang, Lian-Tao",
     title     = "The Bulk RS KK-gluon at the LHC",
     year      = "2007",
     eprint    = "hep-ph/0701166",
     SLACcitation  = "%%CITATION = HEP-PH/0701166;%%"
}
@Article{Abazov:2001yp,
     author    = "Abazov, V. M. and others",
 collaboration = "D0",
     title     = "Subjet multiplicity of gluon and quark jets reconstructed
                  with the $k_T$ algorithm in $p\bar{p}$ collisions",
     journal   = "Phys. Rev.",
     volume    = "D65",
     year      = "2002",
     pages     = "052008",
     eprint    = "hep-ex/0108054",
     SLACcitation  = "%%CITATION = HEP-EX/0108054;%%"
}

@Article{Acosta:2005ix,
     author    = "Acosta, D. and others",
 collaboration = "CDF",
     title     = "Study of jet shapes in inclusive jet production in
                  $p\bar{p}$ collisions  at $\sqrt{s}=1.96$ TeV",
     year      = "2005",
     eprint    = "hep-ex/0505013",
     journal   = "Phys. Rev.",
     volume    = "D71",
     pages     = "112002",
     SLACcitation  = "%%CITATION = HEP-EX/0505013;%%"
}

@Article{Chekanov:2004kz,
     author    = "Chekanov, S. and others",
 collaboration = "ZEUS",
     title     = "Substructure dependence of jet cross sections at HERA and
                  determination  of alpha(s)",
     journal   = "Nucl. Phys.",
     volume    = "B700",
     year      = "2004",
     pages     = "3-50",
     eprint    = "hep-ex/0405065",
     SLACcitation  = "%%CITATION = HEP-EX/0405065;%%"
}

@Article{Abbiendi:2004pr,
     author    = "Abbiendi, G. and others",
 collaboration = "OPAL",
     title     = "Scaling violations of quark and gluon jet fragmentation
                  functions in e+  e- annihilations at s**(1/2) = 91.2-GeV
                  and 183-GeV - 209-GeV",
     journal   = "Eur. Phys. J.",
     volume    = "C37",
     year      = "2004",
     pages     = "25-47",
     eprint    = "hep-ex/0404026",
     SLACcitation  = "%%CITATION = HEP-EX/0404026;%%"
}


@Article{Abbiendi:2003cn,
     author    = "Abbiendi, G. and others",
 collaboration = "OPAL",
     title     = "Di-jet production in photon photon collisions at
                  s(ee)**(1/2) = from  189-GeV to 209-GeV",
     journal   = "Eur. Phys. J.",
     volume    = "C31",
     year      = "2003",
     pages     = "307-325",
     eprint    = "hep-ex/0301013",
     SLACcitation  = "%%CITATION = HEP-EX/0301013;%%"
}

@Article{Buskulic:1995sw,
     author    = "Buskulic, D. and others",
 collaboration = "ALEPH",
     title     = "Quark and gluon jet properties in symmetric three jet
                  events",
     journal   = "Phys. Lett.",
     volume    = "B384",
     year      = "1996",
     pages     = "353-364",
     SLACcitation  = "%%CITATION = PHLTA,B384,353;%%"
}
@Article{Salam:2007xv,
     author    = "Salam, Gavin P. and Soyez, Gregory",
     title     = "{A practical Seedless Infrared-Safe Cone jet algorithm}",
     journal   = "JHEP",
     volume    = "05",
     year      = "2007",
     pages     = "086",
     eprint    = "arXiv:0704.0292 [hep-ph]",
     SLACcitation  = "%%CITATION = ARXIV:0704.0292;%%"
}
@Article{Grunewald:2007pm,
     author    = "Grunewald, Martin W.",
     title     = "{Combined Electroweak Analysis}",
     year      = "2007",
     eprint    = "arXiv:0709.3744 [hep-ph]",
     note      = "in Proceedings of Europhysics Conference on High Energy Physics (EPS-HEP2007), Manchester, England, 19-25 Jul 2007.",
     SLACcitation  = "%%CITATION = ARXIV:0709.3744;%%"
}

@Article{Dokshitzer:1997in,
     author    = "Dokshitzer, Yuri L. and Leder, G. D. and Moretti, S. and
                  Webber, B. R.",
     title     = "{Better jet clustering algorithms}",
     journal   = "JHEP",
     volume    = "08",
     year      = "1997",
     pages     = "001",
     eprint    = "hep-ph/9707323",
     SLACcitation  = "%%CITATION = HEP-PH/9707323;%%"
}
@Article{Wobisch:1998wt,
     author    = "Wobisch, M. and Wengler, T.",
     title     = "{Hadronization corrections to jet cross sections in deep-
                  inelastic  scattering}",
     year      = "1998",
     eprint    = "hep-ph/9907280",
     SLACcitation  = "%%CITATION = HEP-PH/9907280;%%"
}
@Article{Dasgupta:2007wa,
     author    = "Dasgupta, Mrinal and Magnea, Lorenzo and Salam, Gavin P.",
     title     = "{Non-perturbative QCD effects in jets at hadron
                  colliders}",
     year      = "2007",
     eprint    = "arXiv:0712.3014 [hep-ph]",
     SLACcitation  = "%%CITATION = ARXIV:0712.3014;%%"
}

@Article{Ellis:1993tq,
     author    = "Ellis, Stephen D. and Soper, Davison E.",
     title     = "{Successive combination jet algorithm for hadron
                  collisions}",
     journal   = "Phys. Rev.",
     volume    = "D48",
     year      = "1993",
     pages     = "3160-3166",
     eprint    = "hep-ph/9305266",
     SLACcitation  = "%%CITATION = HEP-PH/9305266;%%"
}
@Article{Seymour:1993mx,
     author    = "Seymour, Michael H.",
     title     = "{Searches for new particles using cone and cluster jet
                  algorithms: A Comparative study}",
     journal   = "Z. Phys.",
     volume    = "C62",
     year      = "1994",
     pages     = "127-138",
     SLACcitation  = "%%CITATION = ZEPYA,C62,127;%%"
}


@Article{Mueller:1981ex,
     author    = "Mueller, Alfred H.",
     title     = "{On the Multiplicity of Hadrons in QCD Jets}",
     journal   = "Phys. Lett.",
     volume    = "B104",
     year      = "1981",
     pages     = "161-164",
     SLACcitation  = "%%CITATION = PHLTA,B104,161;%%"
}

@Article{Ermolaev:1981cm,
     author    = "Ermolaev, B. I. and Fadin, Victor S.",
     title     = "{Log - Log Asymptotic Form of Exclusive Cross-Sections in
                  Quantum Chromodynamics}",
     journal   = "JETP Lett.",
     volume    = "33",
     year      = "1981",
     pages     = "269-272",
     SLACcitation  = "%%CITATION = JTPLA,33,269;%%"
}

@Article{Bassetto:1982ma,
     author    = "Bassetto, A. and Ciafaloni, M. and Marchesini, G. and
                  Mueller, Alfred H.",
     title     = "{Jet Multiplicity and Soft Gluon Factorization}",
     journal   = "Nucl. Phys.",
     volume    = "B207",
     year      = "1982",
     pages     = "189",
     SLACcitation  = "%%CITATION = NUPHA,B207,189;%%"
}

@Article{Bassetto:1984ik,
     author    = "Bassetto, A. and Ciafaloni, M. and Marchesini, G.",
     title     = "{Jet Structure and Infrared Sensitive Quantities in
                  Perturbative QCD}",
     journal   = "Phys. Rept.",
     volume    = "100",
     year      = "1983",
     pages     = "201-272",
     SLACcitation  = "%%CITATION = PRPLC,100,201;%%"
}

@Article{Ellis:1998fv,
     author    = "Ellis, R. Keith and Veseli, Sinisa",
     title     = "{Strong radiative corrections to W b anti-b production in p
                  anti-p  collisions}",
     journal   = "Phys. Rev.",
     volume    = "D60",
     year      = "1999",
     pages     = "011501",
     eprint    = "hep-ph/9810489",
     SLACcitation  = "%%CITATION = HEP-PH/9810489;%%"
}

@Article{Campbell:2003hd,
     author    = "Campbell, John and Ellis, R. Keith and Rainwater, David L.
                  ",
     title     = "{Next-to-leading order QCD predictions for W + 2jet and Z +
                  2jet  production at the CERN LHC}",
     journal   = "Phys. Rev.",
     volume    = "D68",
     year      = "2003",
     pages     = "094021",
     eprint    = "hep-ph/0308195",
     SLACcitation  = "%%CITATION = HEP-PH/0308195;%%"
}

@Article{Nadolsky:2008zw,
     author    = "Nadolsky, P. M. and others",
     title     = "{Implications of CTEQ global analysis for collider
                  observables}",
     year      = "2008",
     eprint    = "arXiv:0802.0007 [hep-ph]",
     SLACcitation  = "%%CITATION = ARXIV:0802.0007;%%"
}

@Article{Frixione:2002ik,
     author    = "Frixione, Stefano and Webber, Bryan R.",
     title     = "{Matching NLO QCD computations and parton shower
                  simulations}",
     journal   = "JHEP",
     volume    = "06",
     year      = "2002",
     pages     = "029",
     eprint    = "hep-ph/0204244",
     archivePrefix = "arXiv",
     SLACcitation  = "%%CITATION = HEP-PH/0204244;%%"
}

@Article{Pumplin:2002vw,
     author    = "Pumplin, J. and others",
     title     = "{New generation of parton distributions with uncertainties
                  from global  QCD analysis}",
     journal   = "JHEP",
     volume    = "07",
     year      = "2002",
     pages     = "012",
     eprint    = "hep-ph/0201195",
     archivePrefix = "arXiv",
     SLACcitation  = "%%CITATION = HEP-PH/0201195;%%"
}
@article{Altheimer:2013yza,
      author         = "Altheimer, A. and Arce, A. and Asquith, L. and Backus
                        Mayes, J. and Bergeaas Kuutmann, E. and others",
      title          = "{Boosted objects and jet substructure at the LHC. Report
                        of BOOST2012, held at IFIC Valencia, 23rd-27th of July
                        2012}",
      journal        = "Eur.Phys.J.",
      volume         = "C74",
      pages          = "2792",
      doi            = "10.1140/epjc/s10052-014-2792-8",
      year           = "2014",
      eprint         = "1311.2708",
      archivePrefix  = "arXiv",
      primaryClass   = "hep-ex",
      reportNumber   = "FERMILAB-PUB-13-669",
      SLACcitation   = "%%CITATION = ARXIV:1311.2708;%%",
}
@article{Aad:2012tfa,
      author         = "Aad, Georges and others",
      title          = "{Observation of a new particle in the search for the
                        Standard Model Higgs boson with the ATLAS detector at the
                        LHC}",
      collaboration  = "ATLAS Collaboration",
      journal        = "Phys.Lett.",
      volume         = "B716",
      pages          = "1-29",
      doi            = "10.1016/j.physletb.2012.08.020",
      year           = "2012",
      eprint         = "1207.7214",
      archivePrefix  = "arXiv",
      primaryClass   = "hep-ex",
      reportNumber   = "CERN-PH-EP-2012-218",
      SLACcitation   = "%%CITATION = ARXIV:1207.7214;%%",
}
@article{Chatrchyan:2012ufa,
      author         = "Chatrchyan, Serguei and others",
      title          = "{Observation of a new boson at a mass of 125 GeV with the
                        CMS experiment at the LHC}",
      collaboration  = "CMS Collaboration",
      journal        = "Phys.Lett.",
      volume         = "B716",
      pages          = "30-61",
      doi            = "10.1016/j.physletb.2012.08.021",
      year           = "2012",
      eprint         = "1207.7235",
      archivePrefix  = "arXiv",
      primaryClass   = "hep-ex",
      reportNumber   = "CMS-HIG-12-028, CERN-PH-EP-2012-220",
      SLACcitation   = "%%CITATION = ARXIV:1207.7235;%%",
}
@article{Chatrchyan:2013zna,
      author         = "Chatrchyan, Serguei and others",
      title          = "{Search for the standard model Higgs boson produced in
                        association with a W or a Z boson and decaying to bottom
                        quarks}",
      collaboration  = "CMS Collaboration",
      journal        = "Phys.Rev.",
      volume         = "D89",
      pages          = "012003",
      doi            = "10.1103/PhysRevD.89.012003",
      year           = "2014",
      eprint         = "1310.3687",
      archivePrefix  = "arXiv",
      primaryClass   = "hep-ex",
      reportNumber   = "CMS-HIG-13-012, CERN-PH-EP-2013-188",
      SLACcitation   = "%%CITATION = ARXIV:1310.3687;%%",
}
@article{Aad:2012gxa,
      author         = "Aad, Georges and others",
      title          = "{Search for the Standard Model Higgs boson produced in
                        association with a vector boson and decaying to a
                        $b$-quark pair with the ATLAS detector}",
      collaboration  = "ATLAS Collaboration",
      journal        = "Phys.Lett.",
      volume         = "B718",
      pages          = "369-390",
      doi            = "10.1016/j.physletb.2012.10.061",
      year           = "2012",
      eprint         = "1207.0210",
      archivePrefix  = "arXiv",
      primaryClass   = "hep-ex",
      reportNumber   = "CERN-PH-EP-2012-138",
      SLACcitation   = "%%CITATION = ARXIV:1207.0210;%%",
}
@article{Aad:2013gja,
      author         = "Aad, Georges and others",
      title          = "{Performance of jet substructure techniques for large-$R$
                        jets in proton-proton collisions at $\sqrt{s}$ = 7 TeV
                        using the ATLAS detector}",
      collaboration  = "ATLAS Collaboration",
      journal        = "JHEP",
      volume         = "1309",
      pages          = "076",
      doi            = "10.1007/JHEP09(2013)076",
      year           = "2013",
      eprint         = "1306.4945",
      archivePrefix  = "arXiv",
      primaryClass   = "hep-ex",
      reportNumber   = "CERN-PH-EP-2013-069",
      SLACcitation   = "%%CITATION = ARXIV:1306.4945;%%",
}


@article{Chatrchyan:2013vbb,
      author         = "Chatrchyan, Serguei and others",
      title          = "{Studies of jet mass in dijet and W/Z + jet events}",
      collaboration  = "CMS Collaboration",
      journal        = "JHEP",
      volume         = "1305",
      pages          = "090",
      doi            = "10.1007/JHEP05(2013)090",
      year           = "2013",
      eprint         = "1303.4811",
      archivePrefix  = "arXiv",
      primaryClass   = "hep-ex",
      reportNumber   = "CMS-SMP-12-019, CERN-PH-EP-2013-016",
      SLACcitation   = "%%CITATION = ARXIV:1303.4811;%%",
}
@article{Alwall:2014hca,
      author         = "Alwall, J. and Frederix, R. and Frixione, S. and Hirschi,
                        V. and Maltoni, F. and others",
      title          = "{The automated computation of tree-level and
                        next-to-leading order differential cross sections, and
                        their matching to parton shower simulations}",
      journal        = "JHEP",
      volume         = "1407",
      pages          = "079",
      doi            = "10.1007/JHEP07(2014)079",
      year           = "2014",
      eprint         = "1405.0301",
      archivePrefix  = "arXiv",
      primaryClass   = "hep-ph",
      reportNumber   = "CERN-PH-TH-2014-064, CP3-14-18, LPN14-066, MCNET-14-09,
                        ZU-TH-14-14",
      SLACcitation   = "%%CITATION = ARXIV:1405.0301;%%",
}

@article{Bahr:2008pv,
      author         = "Bahr, M. and Gieseke, S. and Gigg, M.A. and Grellscheid,
                        D. and Hamilton, K. and others",
      title          = "{Herwig++ Physics and Manual}",
      journal        = "Eur.Phys.J.",
      volume         = "C58",
      pages          = "639-707",
      doi            = "10.1140/epjc/s10052-008-0798-9",
      year           = "2008",
      eprint         = "0803.0883",
      archivePrefix  = "arXiv",
      primaryClass   = "hep-ph",
      reportNumber   = "CERN-PH-TH-2008-038, CAVENDISH-HEP-08-03, KA-TP-05-2008,
                        DCPT-08-22, IPPP-08-11, CP3-08-05",
      SLACcitation   = "%%CITATION = ARXIV:0803.0883;%%",
}

@article{Artoisenet:2012st,
      author         = "Artoisenet P., Frederix R., Mattelaer O. and Rietkerk R.",
      title          = "{Automatic spin-entangled decays of heavy resonances in Monte Carlo simulations}",
      journal        = "JHEP",
      volume         = "2013",
      number         = "3",
      eid            = "15",
      doi            = "10.1007/JHEP03(2013)015",
      year           = "2012",
      eprint         = "1212.3460v2",
      archivePrefix  = "arXiv",
      primaryClass   = "hep-ph",
      reportNumber   = "NIKHEF/2012-021, CERN-PH-TH/2012-329",
      SLACcitation   = "%%CITATION = ARXIV:1212.3460v2;%%",
}

@techreport{ATLAS-CONF-2013-079,
  title       = "{Search for the bb decay of the Standard Model Higgs boson in associated W/ZH production with the ATLAS detector}",
  institution   = "ATLAS",
  address       = "Geneva",
  number        = "ATLAS-CONF-2013-079",
  month         = "Jul",
  year          = "2013",
}

%top pt unfolded measurement
@article{Aad:2014zka,
      author         = "Aad, Georges and others",
      title          = "{Measurements of normalized differential cross sections
                        for $t\bar{t}$ production in pp collisions at
                        $\sqrt{s}=7$  TeV using the ATLAS detector}",
      collaboration  = "ATLAS Collaboration",
      journal        = "Phys.Rev.",
      number         = "7",
      volume         = "D90",
      pages          = "072004",
      doi            = "10.1103/PhysRevD.90.072004",
      year           = "2014",
      eprint         = "1407.0371",
      archivePrefix  = "arXiv",
      primaryClass   = "hep-ex",
      reportNumber   = "CERN-PH-EP-2014-099",
      SLACcitation   = "%%CITATION = ARXIV:1407.0371;%%",
}

@article{Chatrchyan:2012saa,
      author         = "Chatrchyan, Serguei and others",
      title          = "{Measurement of differential top-quark pair production
                        cross sections in $pp$ colisions at $\sqrt{s}=7$ TeV}",
      collaboration  = "CMS Collaboration",
      journal        = "Eur.Phys.J.",
      number         = "3",
      volume         = "C73",
      pages          = "2339",
      doi            = "10.1140/epjc/s10052-013-2339-4",
      year           = "2013",
      eprint         = "1211.2220",
      archivePrefix  = "arXiv",
      primaryClass   = "hep-ex",
      reportNumber   = "CMS-TOP-11-013, CERN-PH-EP-2012-322",
      SLACcitation   = "%%CITATION = ARXIV:1211.2220;%%",
}


%matching Herwig++ to NLO
@article{Frixione:2010ra,
      author         = "Frixione, Stefano and Stoeckli, Fabian and Torrielli,
                        Paolo and Webber, Bryan R.",
      title          = "{NLO QCD corrections in Herwig++ with MC@NLO}",
      journal        = "JHEP",
      volume         = "1101",
      pages          = "053",
      doi            = "10.1007/JHEP01(2011)053",
      year           = "2011",
      eprint         = "1010.0568",
      archivePrefix  = "arXiv",
      primaryClass   = "hep-ph",
      reportNumber   = "CAVENDISH-HEP-10-14, CERN-TH-2010-212",
      SLACcitation   = "%%CITATION = ARXIV:1010.0568;%%",
}

%VHbb publication
@article{Aad:2014xzb,
      author         = "Aad, Georges and others",
      title          = "{Search for the $b\bar{b}$ decay of the Standard Model
                        Higgs boson in associated $(W/Z)H$ production with the
                        ATLAS detector}",
      collaboration  = "ATLAS Collaboration",
      journal        = "JHEP",
      volume         = "1501",
      pages          = "069",
      doi            = "10.1007/JHEP01(2015)069",
      year           = "2015",
      eprint         = "1409.6212",
      archivePrefix  = "arXiv",
      primaryClass   = "hep-ex",
      reportNumber   = "CERN-PH-EP-2014-214",
      SLACcitation   = "%%CITATION = ARXIV:1409.6212;%%",
}

@techreport{ATLAS-CONF-2014-018,
      title         = "{Tagging and suppression of pileup jets with the ATLAS
                       detector}",
      institution   = "CERN",
      address       = "Geneva",
      number        = "ATLAS-CONF-2014-018",
      month         = "May",
      year          = "2014",
}

@techreport{CMS-PAS-JME-14-001,
      title         = "{Pileup Removal Algorithms}",
      institution   = "CERN",
      collaboration = "CMS Collaboration",
      address       = "Geneva",
      number        = "CMS-PAS-JME-14-001",
      year          = "2014",
}

@article{Czakon:2013goa,
      author         = "Czakon, Michał and Fiedler, Paul and Mitov, Alexander",
      title          = "{Total Top-Quark Pair-Production Cross Section at Hadron
                        Colliders Through $O(α\frac{4}{S})$}",
      journal        = "Phys.Rev.Lett.",
      volume         = "110",
      pages          = "252004",
      doi            = "10.1103/PhysRevLett.110.252004",
      year           = "2013",
      eprint         = "1303.6254",
      archivePrefix  = "arXiv",
      primaryClass   = "hep-ph",
      reportNumber   = "CERN-PH-TH-2013-056, TTK-13-08",
      SLACcitation   = "%%CITATION = ARXIV:1303.6254;%%",
}

@article{Frixione:2008yi,
      author         = "Frixione, Stefano and Laenen, Eric and Motylinski,
                        Patrick and Webber, Bryan R. and White, Chris D.",
      title          = "{Single-top hadroproduction in association with a W
                        boson}",
      journal        = "JHEP",
      volume         = "0807",
      pages          = "029",
      doi            = "10.1088/1126-6708/2008/07/029",
      year           = "2008",
      eprint         = "0805.3067",
      archivePrefix  = "arXiv",
      primaryClass   = "hep-ph",
      reportNumber   = "CERN-TH-2008-104, ITP-UU-08-27, NIKHEF-2008-005,
                        ITFA-2008-16, CAVENDISH-HEP-08-06",
      SLACcitation   = "%%CITATION = ARXIV:0805.3067;%%",
}
@article{Ferrera:2014lca,
      author         = "Ferrera, Giancarlo and Grazzini, Massimiliano and
                        Tramontano, Francesco",
      title          = "{Associated $ZH$ production at hadron colliders: the
                        fully differential NNLO QCD calculation}",
      journal        = "Phys.Lett.",
      volume         = "B740",
      pages          = "51-55",
      doi            = "10.1016/j.physletb.2014.11.040",
      year           = "2015",
      eprint         = "1407.4747",
      archivePrefix  = "arXiv",
      primaryClass   = "hep-ph",
      reportNumber   = "IFUM-1031-FT, ZU-TH-23-14",
      SLACcitation   = "%%CITATION = ARXIV:1407.4747;%%",
}
@article{Ferrera:2011bk,
      author         = "Ferrera, Giancarlo and Grazzini, Massimiliano and
                        Tramontano, Francesco",
      title          = "{Associated WH production at hadron colliders: a fully
                        exclusive QCD calculation at NNLO}",
      journal        = "Phys.Rev.Lett.",
      volume         = "107",
      pages          = "152003",
      doi            = "10.1103/PhysRevLett.107.152003",
      year           = "2011",
      eprint         = "1107.1164",
      archivePrefix  = "arXiv",
      primaryClass   = "hep-ph",
      reportNumber   = "CERN-PH-TH-2011-159, ZU-TH-14-11",
      SLACcitation   = "%%CITATION = ARXIV:1107.1164;%%",
}
@article{Buckley:2010ar,
      author         = "Buckley, Andy and Butterworth, Jonathan and Lonnblad,
                        Leif and Grellscheid, David and Hoeth, Hendrik and others",
      title          = "{Rivet user manual}",
      journal        = "Comput.Phys.Commun.",
      volume         = "184",
      pages          = "2803-2819",
      doi            = "10.1016/j.cpc.2013.05.021",
      year           = "2013",
      eprint         = "1003.0694",
      archivePrefix  = "arXiv",
      primaryClass   = "hep-ph",
      reportNumber   = "MCNET-10-03",
      SLACcitation   = "%%CITATION = ARXIV:1003.0694;%%",
}
@article{Cacciari:2011ma,
      author         = "Cacciari, Matteo and Salam, Gavin P. and Soyez, Gregory",
      title          = "{FastJet User Manual}",
      journal        = "Eur.Phys.J.",
      volume         = "C72",
      pages          = "1896",
      doi            = "10.1140/epjc/s10052-012-1896-2",
      year           = "2012",
      eprint         = "1111.6097",
      archivePrefix  = "arXiv",
      primaryClass   = "hep-ph",
      reportNumber   = "CERN-PH-TH-2011-297",
      SLACcitation   = "%%CITATION = ARXIV:1111.6097;%%",
}
@article{Kahlhoefer:2015bea,
      author         = "Kahlhoefer, Felix and Schmidt-Hoberg, Kai and Schwetz,
                        Thomas and Vogl, Stefan",
      title          = "{Implications of unitarity and gauge invariance for
                        simplified dark matter models}",
      year           = "2015",
      eprint         = "1510.02110",
      archivePrefix  = "arXiv",
      primaryClass   = "hep-ph",
      reportNumber   = "DESY-15-182",
      SLACcitation   = "%%CITATION = ARXIV:1510.02110;%%"
}
@article{Buckley:2011ms,
      author         = "Buckley, Andy and others",
      title          = "{General-purpose event generators for LHC physics}",
      journal        = "Phys. Rept.",
      volume         = "504",
      year           = "2011",
      pages          = "145-233",
      doi            = "10.1016/j.physrep.2011.03.005",
      eprint         = "1101.2599",
      archivePrefix  = "arXiv",
      primaryClass   = "hep-ph",
      reportNumber   = "CAVENDISH-HEP-10-21, CERN-PH-TH-2010-298, DCPT-10-202,
                        HD-THEP-10-24, IPPP-10-101, KA-TP-40-2010, LU-TP-10-28,
                        MAN-HEP-2010-23, MCNET-11-01, SLAC-PUB-14333,
                        --HD-THEP-10-24, --MCNET-11-01",
      SLACcitation   = "%%CITATION = ARXIV:1101.2599;%%"
}
@article{Alves:2011wf,
      author         = "Alves, Daniele",
      editor         = "Arkani-Hamed, Nima and Arora, Sanjay and Bai, Yang and
                        Baumgart, Matthew and Berger, Joshua and Buckley, Matthew
                        and Butler, Bart and Chang, Spencer and Cheng, Hsin-Chia
                        and Cheung, Clifford and others ",
      title          = "{Simplified Models for LHC New Physics Searches}",
      collaboration  = "LHC New Physics Working Group",
      journal        = "J. Phys.",
      volume         = "G39",
      year           = "2012",
      pages          = "105005",
      doi            = "10.1088/0954-3899/39/10/105005",
      eprint         = "1105.2838",
      archivePrefix  = "arXiv",
      primaryClass   = "hep-ph",
      reportNumber   = "SLAC-PUB-15045, FERMILAB-PUB-11-842-A-PPD",
      SLACcitation   = "%%CITATION = ARXIV:1105.2838;%%"
}
@article{Abercrombie:2015wmb,
      author         = "Abercrombie, Daniel and others",
      title          = "{Dark Matter Benchmark Models for Early LHC Run-2
                        Searches: Report of the ATLAS/CMS Dark Matter Forum}",
      year           = "2015",
      eprint         = "1507.00966",
      archivePrefix  = "arXiv",
      primaryClass   = "hep-ex",
      reportNumber   = "FERMILAB-PUB-15-282-CD",
      SLACcitation   = "%%CITATION = ARXIV:1507.00966;%%"
}
@article{Aad:2013vka,
      author         = "Aad, Georges and others",
      title          = "{Measurement of the cross-section for W boson production
                        in association with b-jets in pp collisions at $\sqrt{s}$
                        = 7 TeV with the ATLAS detector}",
      collaboration  = "ATLAS",
      journal        = "JHEP",
      volume         = "06",
      year           = "2013",
      pages          = "084",
      doi            = "10.1007/JHEP06(2013)084",
      eprint         = "1302.2929",
      archivePrefix  = "arXiv",
      primaryClass   = "hep-ex",
      reportNumber   = "CERN-PH-EP-2012-357",
      SLACcitation   = "%%CITATION = ARXIV:1302.2929;%%"
}
